% Optional fields: author, title, howpublished, month, year, note
@MISC{lf356,
	author = "{National Semiconductor}",
	year = "2001",
	month = "December",
	title = "{LF155/LF156/LF256/LF257/LF355/LF356/
	LF357 JFET Input Operational Amplifiers}",
}

@BOOK{art,
  AUTHOR    = {Paul Horowitz and Winfield Hill},
  TITLE     = {The Art of Electronics},
  SERIES    = {},
  VOLUME    = {},
  EDITION   = {2nd},
  PUBLISHER = {Cambridge University Press},
  YEAR      = {1989},
  ISBN      = {0-521-37095-7},
  NOTE      = {},
  CONTENTS  = {Cookbook about Microelectronics.},
  FLAGS     = {},
  TOPICS    = {Microelectronics in General}
}